<record xmlns:xsi="http://www.w3.org/2001/XMLSchema-instance" xmlns="http://www.loc.gov/MARC21/slim" xsi:schemaLocation="http://www.loc.gov/MARC21/slim http://www.loc.gov/standards/marcxml/schema/MARC21slim.xsd">

  <leader>00718nam a2200181Ia 4500</leader>
  <datafield tag="999" ind1=" " ind2=" ">
    <subfield code="c">2200</subfield>
    <subfield code="d">2200</subfield>
  </datafield>
  <controlfield tag="008">180712b2003    cr ||||| |||| 00| | spa d</controlfield>
  <datafield tag="090" ind2=" " ind1=" ">
    <subfield code="a">16.04.01 </subfield>
    <subfield code="b">1947</subfield>
  </datafield>
  <datafield tag="100" ind1=" " ind2=" ">
    <subfield code="a">Valencia, Juan Carlos</subfield>
    <subfield code="9">4001</subfield>
  </datafield>
  <datafield ind2="0" ind1="1" tag="245">
    <subfield code="a">Informe de actividades del taller gestión ambiental en cuencas hidrográficas / </subfield>
    <subfield code="c">Juan Carlos Valencia y Orlando Jaimes</subfield>
  </datafield>
  <datafield tag="260" ind2=" " ind1=" ">
    <subfield code="a">San José, Costa Rica : </subfield>
    <subfield code="b">INIE, </subfield>
    <subfield code="c">2003</subfield>
  </datafield>
  <datafield ind2=" " ind1=" " tag="300">
    <subfield code="a">9 páginas</subfield>
  </datafield>
  <datafield tag="500" ind1=" " ind2=" ">
    <subfield code="a">El taller se enmarca en el Proyecto 302 CR065 "Educación ambiental, capacitación y asistencia técnica para el desarrollo sustentable"</subfield>
  </datafield>
  <datafield ind2="4" ind1="1" tag="650">
    <subfield code="a">GESTIÓN AMBIENTAL </subfield>
    <subfield code="9">2058</subfield>
  </datafield>
  <datafield tag="650" ind1="1" ind2="4">
    <subfield code="a">SEMINARIOS</subfield>
    <subfield code="9">4002</subfield>
  </datafield>
  <datafield tag="650" ind2="4" ind1="1">
    <subfield code="a">CURSOS</subfield>
    <subfield code="9">4003</subfield>
  </datafield>
  <datafield ind2=" " ind1=" " tag="700">
    <subfield code="a">Jaimes, Orlando</subfield>
    <subfield code="9">4004</subfield>
  </datafield>
  <datafield tag="942" ind1=" " ind2=" ">
    <subfield code="2">z</subfield>
    <subfield code="c">04</subfield>
  </datafield>
</record>